@misc{goldlust_2018,
  title={Why does DHCP use raw sockets?},
  url={https://kb.isc.org/docs/aa-00378},
  publisher={Internet Systems Consortium},
  author={Goldlust, Suzanne},
  year={2018},
  month={Sep}
}

@inproceedings{arabo2019distributed,
  title={Distributed IDS using agents: An agent-based detection system to detect passive and active threats to a network},
  author={Arabo, Abdullahi},
  booktitle={14th International Conference on Cyber Warfare and Security},
  year={2019}
}
@misc{bailey2008af,
  title={AF UNIX Socket Across Systems in the Same Computer on Computer Systems that Support Multiple Operating System Images},
  author={Bailey, Kimberly Tekavec},
  year={2008},
  month=jun # "~26",
  publisher={Google Patents},
  note={US Patent App. 11/614,228}
}
@article{de2009checking,
  title={Checking the reliability of socket based communication software},
  author={de la C{\'a}mara, Pedro and del Mar Gallardo, Mar{\'\i}a and Merino, Pedro and San{\'a}n, David},
  journal={International journal on software tools for technology transfer},
  volume={11},
  number={5},
  pages={359},
  year={2009},
  publisher={Springer}
}
@article{ganger2002fast,
  title={Fast and flexible application-level networking on exokernel systems},
  author={Ganger, Gregory R and Engler, Dawson R and Kaashoek, M Frans and Briceno, Hector M and Hunt, Russell and Pinckney, Thomas},
  journal={ACM Transactions on Computer Systems (TOCS)},
  volume={20},
  number={1},
  pages={49--83},
  year={2002},
  publisher={ACM}
}
@book{gay2000linux,
  title={Linux socket programming: by example},
  author={Gay, Warren W},
  year={2000},
  publisher={Que Corp.}
}
@book{goralski2017illustrated,
  title={The illustrated network: how TCP/IP works in a modern network},
  author={Goralski, Walter},
  year={2017},
  publisher={Morgan Kaufmann}
}
@inproceedings{herbert2015ddos,
  title={DDoS Attack Mitigation Through Control of Inherent Charge Decay of Memory Implementations},
  author={Herbert, Alan and Irwin, Barry},
  booktitle={Iccws 2015-The Proceedings of the 10th International Conference on Cyber Warfare and Security: ICCWS2015},
  pages={126},
  year={2015},
  organization={Academic Conferences Limited}
}
@article{hoffmans,
  title={What's the Difference Between TCP and UDP?},
  author={Hoffman, Chris},
  journal={How to Geek}
}
@article{kalita2014socket,
  title={Socket Programming},
  author={Kalita, Limi},
  journal={International Journal of Computer Science and Information Technologies},
  volume={5},
  number={3},
  pages={4802--4807},
  year={2014},
  publisher={Citeseer}
}
@article{law2003design,
  title={A design and implementation of active network socket programming},
  author={Law, KL Eddie and Leung, Roy},
  journal={Microprocessors and Microsystems},
  volume={27},
  number={5-6},
  pages={277--284},
  year={2003},
  publisher={Elsevier}
}
@article{leffler1986advanced,
  title={An Advanced 4.4 BSD Interprocess Communication Tutorial},
  author={Leffler, Samuel J and Fabry, Robert S and Joy, William N and Lapsley, Phil and Miller, Steve and Torek, Chris},
  journal={Computer Systems Research Group, Department of Electrical Engineering and Computer Science, University of California, Berkeley},
  year={1986}
}
@book{matthew2008beginning,
  title={Beginning linux programming},
  author={Matthew, Neil and Stones, Richard},
  year={2008},
  publisher={John Wiley \& Sons}
}
@book{mitchell2001advanced,
  title={Advanced linux programming},
  author={Mitchell, Mark and Oldham, Jeffrey and Samuel, Alex},
  year={2001},
  publisher={New Riders Publishing}
}
@inproceedings{mohamed2002user,
  title={A User-level Socket Layer over Multiple Physical Network Interfaces.},
  author={Mohamed, Nader and Al-Jaroodi, Jameela and Jiang, Hong and Swanson, David R},
  booktitle={IASTED PDCS},
  pages={804--810},
  year={2002}
}
@inproceedings{olivier2011scheduling,
  title={Scheduling task parallelism on multi-socket multicore systems},
  author={Olivier, Stephen L and Porterfield, Allan K and Wheeler, Kyle B and Prins, Jan F},
  booktitle={Proceedings of the 1st International Workshop on Runtime and Operating Systems for Supercomputers},
  pages={49--56},
  year={2011},
  organization={ACM}
}
@misc{reed1997interprocess,
  title={Interprocess communications system and method utilizing shared memory for message transfer and datagram sockets for message control},
  author={Reed, Dennis F and Trachy, David L and Montgomery, James W},
  year={1997},
  month=jul # "~29",
  publisher={Google Patents},
  note={US Patent 5,652,885}
}
@inproceedings{ta2006splitting,
  title={Splitting interfaces: Making trust between applications and operating systems configurable},
  author={Ta-Min, Richard and Litty, Lionel and Lie, David},
  booktitle={Proceedings of the 7th symposium on Operating systems design and implementation},
  pages={279--292},
  year={2006},
  organization={USENIX Association}
}
@article{sawant2013network,
  title={Network programming in Java using Socket},
  author={Sawant, Abhijit A and Meshram, BB},
  journal={Network},
  volume={3},
  number={1},
  year={2013},
  publisher={Citeseer}
}
@book{stevens2008advanced,
  title={Advanced programming in the UNIX environment},
  author={Stevens, W Richard and Rago, Stephen A},
  year={2008},
  publisher={Addison-Wesley}
}
@inproceedings{xue2009socket,
  title={The socket programming and software design for communication based on client/server},
  author={Xue, Ming and Zhu, Changjun},
  booktitle={2009 Pacific-Asia Conference on Circuits, Communications and Systems},
  pages={775--777},
  year={2009},
  organization={IEEE}
}
@misc{techtarget_2016,
  title={What is Remote Procedure Call (RPC)?},
  journal={TechTarget},
  author={Rouse, Margaret},
  year={2016},
  month={Oct}
}
@misc{sheble_2009,
  title={Black Hat Conference: Socket to me},
  journal={ISA Publications},
  publisher={The International Society of Automation},
  author={Sheble, Nicholas},
  year={2009},
  month={Apr}
}
@article{lin1995distributed,
  title={Distributed network computing over local ATM networks},
  author={Lin, Mengjou and Hsieh, Jenwei and Du, David Hung-Chang and Thomas, Joseph P and MacDonald, James A},
  journal={IEEE Journal on Selected Areas in Communications},
  volume={13},
  number={4},
  pages={733--748},
  year={1995},
  publisher={IEEE}
}
@misc{milojicic2002peer,
  title={Peer-to-peer computing},
  author={Milojicic, Dejan S and Kalogeraki, Vana and Lukose, Rajan and Nagaraja, Kiran and Pruyne, Jim and Richard, Bruno and Rollins, Sami and Xu, Zhichen},
  year={2002},
  publisher={Technical Report HPL-2002-57, HP Labs}
}

@misc{ramaekers, title={Master - Slave}, url={http://parallel.vub.ac.be/documentation/pvm/Example/Marc_Ramaekers/node8.html}, journal={Parallel Systems Lab}, author={Ramaekers, Marc}}

@misc{bieg_2007, title={Peer-to-peer}, url={https://en.wikipedia.org/wiki/Peer-to-peer#/media/File:P2P-network.svg}, journal={Wikipedia}, publisher={Wikimedia Foundation}, author={Bieg, Mauro}, year={2007}, month={Aug}}
